@misc{ruby:i18n,
  author = "rubyonrails.org",
  title = "Rails Internationalization (i18n) API",
  month = "April",
  year = "2015",
  howpublished = "\url{http://guides.rubyonrails.org/i18n.html}"
}

@misc{qt:i18n,
  author = "qt.io",
  title = "Internationalization with Qt",
  month = "April",
  year = "2015",
  howpublished = "\url{http://doc.qt.io/qt-4.8/internationalization.html}"
}

@misc{renpy,
  author = "Tom Rothamel",
  title ="Renpy",
  month = "April",
  year = "2015",
  howpublished = "\url{http://www.renpy.org}"
}

@misc{gamemaker,
  author = "Yoyo Games",
  title = "Game Maker",
  month = "April",
  year = "2015",
  howpublished = "\url{https://www.yoyogames.com/studio}"
}

@misc{rpgmaker2000,
  author = "ASCII Corporation",
  title = "RPG Maker 2000",
  month = "April",
  year = "2015",
  howpublished = "\url{http://2drpg.com/2000.php}"
}

@misc{arachnesprite1,
  author = "Arachne",
  title = "Arachne's Creative Commons pixel art thread",
  month = "April",
  year = "2015",
  howpublished = "\url{http://forums.tigsource.com/index.php?topic=14166.0}"
}

@misc{donssonascii,
  author = "domsson",
  title = "ASCII BITMAP FONT Oldschool",
  month = "April",
  year = "2015",
  howpublished = "\url{http://opengameart.org/content/ascii-bitmap-font-oldschool}"
}
