@manual{ GNATintro,
author = "adacore",
note= {http://docs.adacore.com/gnat-unw-docs/html/gnat\_ugn\_12.html},
year = {2013},
Date-Added = "[Online; Accessed Sat Apr 20 17:19:05 EDT 2013]"}

@article{ RFC2616, 
author = "The Internet Society", 
note= {http://tools.ietf.org/pdf/rfc2616.pdf},
year = {1999},
Date-Added = "[Online; Accessed Mon Apr 22 10:33:36 EDT 2013]"}

@manual{RosettaCodeAdaEchoServer,
author = "rosettacode.org", 
note= {http://rosettacode.org/wiki/Echo\_server#Ada},
year = {2013}, 
Date-Added = "[Online; Accessed Fri Apr 26 17:40:22 EDT 2013]"}

@manual{EmailFromArvidsLemche,
author = "Arvids Lemche",
note= {http://computer-programming-forum.com/44-ada/cec1a5b54a138687.htm},
year = {2005}, 
Date-Added = "[Online; Accessed Fri Apr 26 17:43:01 EDT 2013"}

@manual{AdaTasking,
author = "Wikibooks",
title = "Ada Programming: Tasking",
note= {http://en.wikibooks.org/wiki/Ada\_Programming/Tasking},
year = {2013},
Date-Added = "[Online; Accessed Fri Apr 26 18:36:58 EDT 2013]"}

% TODO the date is a little scary sincei it's 1996, and we're using 2012
@manual{AdaConcurrent,
title= "Chapter 15: Introduction to Concurrent Programming", 
author= "M. J. Feldman",
note= {http://www.seas.gwu.edu/~mfeldman/cs2book/chap15.html},
year = {1996},
Date-Added = "[Online; Accessed Sat Apr 27 15:03:06 EDT 2013]"}

@manual{AdaRegularExpressions,
title= "Regular Expressions for Ada",
author= "Rosetta Code", 
note= "http://rosettacode.org/wiki/Regular\_expressions\#Ada",
year={2013},
Date-Added ="[Online; Accessed Mon Apr 29 17:30:11 EDT 2013]"}

@manual{AdaStringSplit,
title= "Substrings using Gnat.String\_Split",
author= "commons.ada.cx",
note= "\url{http://bit.ly/107SVuN}",
year={2013},
Date-Added= "[Online; Accessed Mon Apr 29 18:03:03 EDT 2013]"}

@manual{AdaStringType,
title="Ada Programming: String Type",
author="Wikibooks",
note={http://en.wikibooks.org/wiki/Ada\_Programming/Strings},
Url={http://en.wikibooks.org/wiki/Ada\_Programming/Strings},
year={2013},
Date-Added="[Online Mon Apr 29 18:08:39 EDT 2013]"}

% TODO haven't used this resource directly, but looks like can provide
%      some nice insight in Ada Strings.
@manual{AdaStringVersusJavaString,
title="Differences Between Strings in Ada and Java",
author="Edward G. (Ned) Okie",
note={http://www.radford.edu/~nokie/classes/320/strings.html},
year={2013},
Date-Added="[Online Thu May  2 17:06:29 EDT 2013]",
}

@manual{AdaGetHttpClient, 
title="GNAT Sockets examples",
Url={http://en.wikibooks.org/wiki/Ada_Programming/Libraries/GNAT.Sockets_examples},
year={2013},
note="[Online Fri May 3 2013]"}

@manual{AdaObjectOrientationSimpleExample,
title="Ada Programming: Object Orientation",
author="Wikibooks",
year={2013},
note="[Online Mon May 6 2013]"}

@manual{AdaObjectOrientationClient,
title="Client / Driver for Ada OOP",
author="",
year={2013},
note="[Mon May 6 2013]"};

