@inproceedings{theref,
  title={reftitle of the reftitle},
  author={The author},
  booktitle={The booktitle goes here},
  year={2010},
  organization={Citeseer}
}
