%%
%% Anything about AOP goes here
%%

