%%
%% Any references to interesting topics on LLVM go here
%%

@misc{
  llvm-aosa,
  author       = {Chris Lattner},
  howpublished = "\url{http://www.aosabook.org/en/llvm.html}",
  year         = {March 15, 2012},
  note         = "[Online; accessed Thu Dec 11 16:52:03 EST 2014]"
}
